<record><leader>00000cas a2200000 a 4500</leader><controlfield tag="001">794992351</controlfield><controlfield tag="006">m     o  d        </controlfield><controlfield tag="007">cr |||||||||||</controlfield><controlfield tag="008">120608d19181972tnudr neo     0    0eng c</controlfield><datafield ind1=" " ind2=" " tag="010"><subfield code="a">  2012263146</subfield></datafield><datafield ind1=" " ind2=" " tag="040"><subfield code="a">TXA</subfield><subfield code="b">eng</subfield><subfield code="c">TXA</subfield><subfield code="d">TXA</subfield><subfield code="d">OCLCA</subfield><subfield code="d">OCLCF</subfield><subfield code="d">OCLCQ</subfield></datafield><datafield ind1=" " ind2=" " tag="037"><subfield code="b">ProQuest, LLC, 789 E. Eisenhower Parkway, Ann Arbor, MI 48106-1346</subfield></datafield><datafield ind1=" " ind2=" " tag="042"><subfield code="a">pcc</subfield></datafield><datafield ind1=" " ind2=" " tag="043"><subfield code="a">n-us-tn</subfield></datafield><datafield ind1="0" ind2=" " tag="130"><subfield code="a">Nashville Tennessean (Nashville, Tenn. : 1918)</subfield></datafield><datafield ind1="1" ind2="0" tag="245"><subfield code="a">Nashville Tennessean.</subfield></datafield><datafield ind1="1" ind2=" " tag="246"><subfield code="i">Sunday issues for July 7, 1918-Jan. 18, 1920 have title:</subfield><subfield code="a">Nashville Tennessean and the Nashville American</subfield></datafield><datafield ind1="1" ind2=" " tag="246"><subfield code="i">Homecoming edition, Mar. 31, 1919, has title:</subfield><subfield code="a">Nashville American</subfield></datafield><datafield ind1=" " ind2=" " tag="260"><subfield code="a">Nashville, Tenn. :</subfield><subfield code="b">Tennessean Pub. Co.</subfield></datafield><datafield ind1=" " ind2=" " tag="310"><subfield code="a">Daily</subfield></datafield><datafield ind1=" " ind2=" " tag="336"><subfield code="a">text</subfield><subfield code="b">txt</subfield><subfield code="2">rdacontent</subfield></datafield><datafield ind1=" " ind2=" " tag="337"><subfield code="a">computer</subfield><subfield code="b">c</subfield><subfield code="2">rdamedia</subfield></datafield><datafield ind1=" " ind2=" " tag="338"><subfield code="a">online resource</subfield><subfield code="b">cr</subfield><subfield code="2">rdacarrier</subfield></datafield><datafield ind1="1" ind2=" " tag="362"><subfield code="a">Began with: Vol. 12, no. 50 (July 1, 1918); ceased with: Vol. 67, no. 38 (June 5, 1972).</subfield></datafield><datafield ind1=" " ind2=" " tag="580"><subfield code="a">Evening ed., Feb. 26, 1919-Jan. 17, 1920: Nashville American (Nashville, Tenn. : 1919 : Daily).</subfield></datafield><datafield ind1=" " ind2=" " tag="588"><subfield code="a">Description based on: Vol. 12, no. 50 (July 1, 1918); title from PDF p. 1 banner (Proquest, viewed June 6, 2012).</subfield></datafield><datafield ind1=" " ind2=" " tag="588"><subfield code="a">Latest issue consulted: Vol. 14, no. 235 (Dec. 31, 1922) (Proquest, viewed June 6, 2012).</subfield></datafield><datafield ind1=" " ind2="0" tag="651"><subfield code="a">Nashville (Tenn.)</subfield><subfield code="v">Newspapers.</subfield></datafield><datafield ind1=" " ind2="0" tag="651"><subfield code="a">Davidson County (Tenn.)</subfield><subfield code="v">Newspapers.</subfield></datafield><datafield ind1=" " ind2="7" tag="651"><subfield code="a">Tennessee</subfield><subfield code="z">Davidson County.</subfield><subfield code="2">fast</subfield><subfield code="0">(OCoLC)fst01205346</subfield></datafield><datafield ind1=" " ind2="7" tag="651"><subfield code="a">Tennessee</subfield><subfield code="z">Nashville.</subfield><subfield code="2">fast</subfield><subfield code="0">(OCoLC)fst01204195</subfield></datafield><datafield ind1=" " ind2="7" tag="655"><subfield code="a">Newspapers.</subfield><subfield code="2">fast</subfield><subfield code="0">(OCoLC)fst01423814</subfield></datafield><datafield ind1=" " ind2=" " tag="752"><subfield code="a">United States</subfield><subfield code="b">Tennessee</subfield><subfield code="c">Davidson</subfield><subfield code="d">Nashville.</subfield></datafield><datafield ind1="0" ind2=" " tag="775"><subfield code="t">Nashville evening American</subfield><subfield code="g">July 1, 1918-Feb. 25, 1919</subfield></datafield><datafield ind1="1" ind2=" " tag="775"><subfield code="t">Nashville American (Nashville, Tenn. : 1919 : Daily)</subfield><subfield code="g">Feb. 26, 1919-Jan. 17, 1920</subfield></datafield><datafield ind1="0" ind2=" " tag="775"><subfield code="t">Nashville evening Tennessean</subfield><subfield code="g">Jan. 19, 1920-Feb. 10, 1931</subfield></datafield><datafield ind1="0" ind2=" " tag="775"><subfield code="t">Evening Tennessean</subfield><subfield code="g">Feb. 11, 1931-Dec. 4, 1937</subfield></datafield><datafield ind1="0" ind2="8" tag="776"><subfield code="i">Print version:</subfield><subfield code="t">Nashville Tennessean (Nashville, Tenn. : 1918)</subfield><subfield code="w">(DLC)sn 84024774</subfield><subfield code="w">(OCoLC)11232458</subfield></datafield><datafield ind1="0" ind2="0" tag="780"><subfield code="t">Nashville Tennessean and the Nashville American</subfield><subfield code="w">(DLC)  2012263149</subfield><subfield code="w">(OCoLC)794992279</subfield></datafield><datafield ind1="0" ind2="0" tag="785"><subfield code="t">Tennessean (Nashville, Tenn. : 1972)</subfield></datafield><datafield ind1="4" ind2="0" tag="856"><subfield code="u">http://search.proquest.com/hnpnashvilletennessean/publicationbrowse/Main/</subfield></datafield></record>